@Book{xie2015,
  title = {Dynamic Documents with {R} and knitr},
  author = {Yihui Xie},
  publisher = {Chapman and Hall/CRC},
  address = {Boca Raton, Florida},
  year = {2015},
  edition = {2nd},
  note = {ISBN 978-1498716963},
  url = {http://yihui.name/knitr/},
}

@misc{gnu, 
   title={The GNU Operating System and the Free Software Movement}, 
   url={http://www.gnu.org/}, 
   journal={ A GNU head },
   year = {1991},
}

@misc{r-hub, 
      title={r-hub/cranlogs.app}, 
      url={https://github.com/r-hub/cranlogs.app}, 
      journal={GitHub}, 
      author={R-Hub}
}

@misc{timeseries, 
      title={Time Series Analysis}, 
      url={https://www.statisticssolutions.com/time-series-analysis/}, 
      journal={Statistics Solutions}, 
      year={2020}, 
      month={Jun}
}

@misc{bayesian, 
      title={Bayesian Statistics Explained in Simple English For Beginners}, 
      url={https://www.analyticsvidhya.com/blog/2016/06/bayesian-statistics-beginners-simple-english/},        journal={Analytics Vidhya}, 
      author={perpetual, NSSI am a}, 
      year={2019}, 
      month={Jun}
}

@misc{econometrics, 
      title={Econometrics: What It Means, and How It's Used}, 
      url={https://www.investopedia.com/terms/e/econometrics.asp}, 
      journal={Investopedia}, 
      publisher={Investopedia}, 
      author={Hayes, Adam}, 
      year={2020}, 
      month={Dec}
}