@Manual{R-base,
  title = {R: A Language and Environment for Statistical Computing},
  author = {{R Core Team}},
  organization = {R Foundation for Statistical Computing},
  address = {Vienna, Austria},
  year = {2021},
  url = {https://www.R-project.org/},
}

@Manual{R-bookdown,
  title = {bookdown: Authoring Books and Technical Documents with R Markdown},
  author = {Yihui Xie},
  year = {2021},
  note = {R package version 0.22},
  url = {https://CRAN.R-project.org/package=bookdown},
}

@Manual{R-cranlogs,
  title = {cranlogs: Download Logs from the RStudio 'CRAN' Mirror},
  author = {Gábor Csárdi},
  year = {2019},
  note = {R package version 2.1.1},
  url = {https://CRAN.R-project.org/package=cranlogs},
}

@Manual{R-ctv,
  title = {ctv: CRAN Task Views},
  author = {Achim Zeileis and Kurt Hornik},
  year = {2018},
  note = {R package version 0.8-5},
  url = {https://CRAN.R-project.org/package=ctv},
}

@Manual{R-dplyr,
  title = {dplyr: A Grammar of Data Manipulation},
  author = {Hadley Wickham and Romain François and Lionel Henry and Kirill Müller},
  year = {2021},
  note = {R package version 1.0.5},
  url = {https://CRAN.R-project.org/package=dplyr},
}

@Manual{R-fable,
  title = {fable: Forecasting Models for Tidy Time Series},
  author = {Mitchell O'Hara-Wild and Rob Hyndman and Earo Wang},
  year = {2021},
  note = {R package version 0.3.0},
  url = {https://CRAN.R-project.org/package=fable},
}

@Manual{R-fabletools,
  title = {fabletools: Core Tools for Packages in the fable Framework},
  author = {Mitchell O'Hara-Wild and Rob Hyndman and Earo Wang},
  year = {2021},
  note = {R package version 0.3.1},
  url = {https://CRAN.R-project.org/package=fabletools},
}

@Manual{R-feasts,
  title = {feasts: Feature Extraction and Statistics for Time Series},
  author = {Mitchell O'Hara-Wild and Rob Hyndman and Earo Wang},
  year = {2021},
  note = {R package version 0.2.1},
  url = {https://CRAN.R-project.org/package=feasts},
}

@Manual{R-forcats,
  title = {forcats: Tools for Working with Categorical Variables (Factors)},
  author = {Hadley Wickham},
  year = {2021},
  note = {R package version 0.5.1},
  url = {https://CRAN.R-project.org/package=forcats},
}

@Manual{R-fpp3,
  title = {fpp3: Data for "Forecasting: Principles and Practice" (3rd Edition)},
  author = {Rob Hyndman},
  year = {2021},
  note = {R package version 0.4.0},
  url = {https://CRAN.R-project.org/package=fpp3},
}

@Manual{R-ggplot2,
  title = {ggplot2: Create Elegant Data Visualisations Using the Grammar of Graphics},
  author = {Hadley Wickham and Winston Chang and Lionel Henry and Thomas Lin Pedersen and Kohske Takahashi and Claus Wilke and Kara Woo and Hiroaki Yutani and Dewey Dunnington},
  year = {2020},
  note = {R package version 3.3.3},
  url = {https://CRAN.R-project.org/package=ggplot2},
}

@Manual{R-glue,
  title = {glue: Interpreted String Literals},
  author = {Jim Hester},
  year = {2020},
  note = {R package version 1.4.2},
  url = {https://CRAN.R-project.org/package=glue},
}

@Manual{R-htmltools,
  title = {htmltools: Tools for HTML},
  author = {Joe Cheng and Carson Sievert and Winston Chang and Yihui Xie and Jeff Allen},
  year = {2021},
  note = {R package version 0.5.1.1},
  url = {https://github.com/rstudio/htmltools},
}

@Manual{R-httpuv,
  title = {httpuv: HTTP and WebSocket Server Library},
  author = {Joe Cheng and Winston Chang},
  year = {2021},
  note = {R package version 1.6.0},
  url = {https://github.com/rstudio/httpuv},
}

@Manual{R-httr,
  title = {httr: Tools for Working with URLs and HTTP},
  author = {Hadley Wickham},
  year = {2020},
  note = {R package version 1.4.2},
  url = {https://CRAN.R-project.org/package=httr},
}

@Manual{R-jsonlite,
  title = {jsonlite: A Simple and Robust JSON Parser and Generator for R},
  author = {Jeroen Ooms},
  year = {2020},
  note = {R package version 1.7.2},
  url = {https://CRAN.R-project.org/package=jsonlite},
}

@Manual{R-kableExtra,
  title = {kableExtra: Construct Complex Table with kable and Pipe Syntax},
  author = {Hao Zhu},
  year = {2021},
  note = {R package version 1.3.4},
  url = {https://CRAN.R-project.org/package=kableExtra},
}

@Manual{R-knitr,
  title = {knitr: A General-Purpose Package for Dynamic Report Generation in R},
  author = {Yihui Xie},
  year = {2021},
  note = {R package version 1.33},
  url = {https://yihui.org/knitr/},
}

@Manual{R-lubridate,
  title = {lubridate: Make Dealing with Dates a Little Easier},
  author = {Vitalie Spinu and Garrett Grolemund and Hadley Wickham},
  year = {2021},
  note = {R package version 1.7.10},
  url = {https://CRAN.R-project.org/package=lubridate},
}

@Manual{R-packageRank,
  title = {packageRank: Computation and Visualization of Package Download Counts and
Percentiles},
  author = {{Peter Li}},
  year = {2021},
  note = {R package version 0.4.1},
  url = {https://github.com/lindbrook/packageRank},
}

@Manual{R-pkgsearch,
  title = {pkgsearch: Search and Query CRAN R Packages},
  author = {Gábor Csárdi and Maëlle Salmon},
  year = {2020},
  note = {R package version 3.0.3},
  url = {https://CRAN.R-project.org/package=pkgsearch},
}

@Manual{R-plotly,
  title = {plotly: Create Interactive Web Graphics via plotly.js},
  author = {Carson Sievert and Chris Parmer and Toby Hocking and Scott Chamberlain and Karthik Ram and Marianne Corvellec and Pedro Despouy},
  year = {2021},
  note = {R package version 4.9.3},
  url = {https://CRAN.R-project.org/package=plotly},
}

@Manual{R-purrr,
  title = {purrr: Functional Programming Tools},
  author = {Lionel Henry and Hadley Wickham},
  year = {2020},
  note = {R package version 0.3.4},
  url = {https://CRAN.R-project.org/package=purrr},
}

@Manual{R-readr,
  title = {readr: Read Rectangular Text Data},
  author = {Hadley Wickham and Jim Hester},
  year = {2020},
  note = {R package version 1.4.0},
  url = {https://CRAN.R-project.org/package=readr},
}

@Manual{R-rlist,
  title = {rlist: A Toolbox for Non-Tabular Data Manipulation},
  author = {Kun Ren},
  year = {2016},
  note = {R package version 0.4.6.1},
  url = {https://CRAN.R-project.org/package=rlist},
}

@Manual{R-rmarkdown,
  title = {rmarkdown: Dynamic Documents for R},
  author = {JJ Allaire and Yihui Xie and Jonathan McPherson and Javier Luraschi and Kevin Ushey and Aron Atkins and Hadley Wickham and Joe Cheng and Winston Chang and Richard Iannone},
  year = {2021},
  note = {R package version 2.7},
  url = {https://CRAN.R-project.org/package=rmarkdown},
}

@Manual{R-rvest,
  title = {rvest: Easily Harvest (Scrape) Web Pages},
  author = {Hadley Wickham},
  year = {2021},
  note = {R package version 1.0.0},
  url = {https://CRAN.R-project.org/package=rvest},
}

@Manual{R-slider,
  title = {slider: Sliding Window Functions},
  author = {Davis Vaughan},
  year = {2020},
  note = {R package version 0.1.5},
  url = {https://github.com/DavisVaughan/slider},
}

@Manual{R-stringr,
  title = {stringr: Simple, Consistent Wrappers for Common String Operations},
  author = {Hadley Wickham},
  year = {2019},
  note = {R package version 1.4.0},
  url = {https://CRAN.R-project.org/package=stringr},
}

@Manual{R-tibble,
  title = {tibble: Simple Data Frames},
  author = {Kirill Müller and Hadley Wickham},
  year = {2021},
  note = {R package version 3.1.1},
  url = {https://CRAN.R-project.org/package=tibble},
}

@Manual{R-tidyr,
  title = {tidyr: Tidy Messy Data},
  author = {Hadley Wickham},
  year = {2021},
  note = {R package version 1.1.3},
  url = {https://CRAN.R-project.org/package=tidyr},
}

@Manual{R-tidyverse,
  title = {tidyverse: Easily Install and Load the Tidyverse},
  author = {Hadley Wickham},
  year = {2021},
  note = {R package version 1.3.1},
  url = {https://CRAN.R-project.org/package=tidyverse},
}

@Manual{R-tsibble,
  title = {tsibble: Tidy Temporal Data Frames and Tools},
  author = {Earo Wang and Di Cook and Rob Hyndman and Mitchell O'Hara-Wild},
  year = {2021},
  note = {R package version 1.0.1},
  url = {https://tsibble.tidyverts.org},
}

@Manual{R-tsibbledata,
  title = {tsibbledata: Diverse Datasets for tsibble},
  author = {Mitchell O'Hara-Wild and Rob Hyndman and Earo Wang},
  year = {2021},
  note = {R package version 0.3.0},
  url = {https://CRAN.R-project.org/package=tsibbledata},
}

@Book{bookdown2016,
  title = {bookdown: Authoring Books and Technical Documents with {R} Markdown},
  author = {Yihui Xie},
  publisher = {Chapman and Hall/CRC},
  address = {Boca Raton, Florida},
  year = {2016},
  note = {ISBN 978-1138700109},
  url = {https://bookdown.org/yihui/bookdown},
}

@Article{ctv2005,
  title = {{CRAN} Task Views},
  author = {Achim Zeileis},
  journal = {R News},
  year = {2005},
  volume = {5},
  number = {1},
  pages = {39--40},
  url = {https://CRAN.R-project.org/doc/Rnews/},
}

@Book{ggplot22016,
  author = {Hadley Wickham},
  title = {ggplot2: Elegant Graphics for Data Analysis},
  publisher = {Springer-Verlag New York},
  year = {2016},
  isbn = {978-3-319-24277-4},
  url = {https://ggplot2.tidyverse.org},
}

@Article{jsonlite2014,
  title = {The jsonlite Package: A Practical and Consistent Mapping Between JSON Data and R Objects},
  author = {Jeroen Ooms},
  journal = {arXiv:1403.2805 [stat.CO]},
  year = {2014},
  url = {https://arxiv.org/abs/1403.2805},
}

@Book{knitr2015,
  title = {Dynamic Documents with {R} and knitr},
  author = {Yihui Xie},
  publisher = {Chapman and Hall/CRC},
  address = {Boca Raton, Florida},
  year = {2015},
  edition = {2nd},
  note = {ISBN 978-1498716963},
  url = {https://yihui.org/knitr/},
}

@InCollection{knitr2014,
  booktitle = {Implementing Reproducible Computational Research},
  editor = {Victoria Stodden and Friedrich Leisch and Roger D. Peng},
  title = {knitr: A Comprehensive Tool for Reproducible Research in {R}},
  author = {Yihui Xie},
  publisher = {Chapman and Hall/CRC},
  year = {2014},
  note = {ISBN 978-1466561595},
  url = {http://www.crcpress.com/product/isbn/9781466561595},
}

@Article{lubridate2011,
  title = {Dates and Times Made Easy with {lubridate}},
  author = {Garrett Grolemund and Hadley Wickham},
  journal = {Journal of Statistical Software},
  year = {2011},
  volume = {40},
  number = {3},
  pages = {1--25},
  url = {https://www.jstatsoft.org/v40/i03/},
}

@Book{plotly2020,
  author = {Carson Sievert},
  title = {Interactive Web-Based Data Visualization with R, plotly, and shiny},
  publisher = {Chapman and Hall/CRC},
  year = {2020},
  isbn = {9781138331457},
  url = {https://plotly-r.com},
}

@Book{rmarkdown2018,
  title = {R Markdown: The Definitive Guide},
  author = {Yihui Xie and J.J. Allaire and Garrett Grolemund},
  publisher = {Chapman and Hall/CRC},
  address = {Boca Raton, Florida},
  year = {2018},
  note = {ISBN 9781138359338},
  url = {https://bookdown.org/yihui/rmarkdown},
}

@Book{rmarkdown2020,
  title = {R Markdown Cookbook},
  author = {Yihui Xie and Christophe Dervieux and Emily Riederer},
  publisher = {Chapman and Hall/CRC},
  address = {Boca Raton, Florida},
  year = {2020},
  note = {ISBN 9780367563837},
  url = {https://bookdown.org/yihui/rmarkdown-cookbook},
}

@Article{tidyverse2019,
  title = {Welcome to the {tidyverse}},
  author = {Hadley Wickham and Mara Averick and Jennifer Bryan and Winston Chang and Lucy D'Agostino McGowan and Romain François and Garrett Grolemund and Alex Hayes and Lionel Henry and Jim Hester and Max Kuhn and Thomas Lin Pedersen and Evan Miller and Stephan Milton Bache and Kirill Müller and Jeroen Ooms and David Robinson and Dana Paige Seidel and Vitalie Spinu and Kohske Takahashi and Davis Vaughan and Claus Wilke and Kara Woo and Hiroaki Yutani},
  year = {2019},
  journal = {Journal of Open Source Software},
  volume = {4},
  number = {43},
  pages = {1686},
  doi = {10.21105/joss.01686},
}

@Article{tsibble2020,
  author = {Earo Wang and Dianne Cook and Rob J Hyndman},
  title = {A new tidy data structure to support exploration and modeling of temporal data},
  journal = {Journal of Computational and Graphical Statistics},
  volume = {29},
  number = {3},
  pages = {466-478},
  year = {2020},
  publisher = {Taylor & Francis},
  doi = {10.1080/10618600.2019.1695624},
  url = {https://doi.org/10.1080/10618600.2019.1695624},
}

